<?xml version="1.0" encoding="UTF-8"?><collection><record><leader>03644ntm a2200457 a 4500</leader><controlfield tag="001">002563043</controlfield><controlfield tag="003">MiAaHDL</controlfield><controlfield tag="005">20190719000000.0</controlfield><controlfield tag="006">m        d        </controlfield><controlfield tag="007">cr bn ---auaua</controlfield><controlfield tag="008">920923s16uu    xx            00||  ara d</controlfield><datafield tag="035" ind1=" " ind2=" "><subfield code="a">(MiU)002563043</subfield></datafield><datafield tag="035" ind1=" " ind2=" "><subfield code="a">sdr-miu002563043</subfield></datafield><datafield tag="035" ind1=" " ind2=" "><subfield code="a">(RLIN)MIUH92-A10</subfield></datafield><datafield tag="040" ind1=" " ind2=" "><subfield code="a">MiU</subfield><subfield code="c">MiU</subfield><subfield code="e">appm</subfield><subfield code="d">MiU</subfield></datafield><datafield tag="100" ind1="1" ind2=" "><subfield code="6">880-01</subfield><subfield code="a">Ibn al-Majdī, Shihāb al-Dīn Abū al-ʻAbbās Aḥmad ibn Rajab al-Qāhirī,</subfield><subfield code="d">1365-1447.</subfield></datafield><datafield tag="240" ind1="1" ind2="0"><subfield code="6">880-02</subfield><subfield code="a">Zād al-musāfir li-maʻrifat rasm faḍl al-dāʾir</subfield></datafield><datafield tag="245" ind1="1" ind2="0"><subfield code="6">880-03</subfield><subfield code="a">Hādhihi risālat zād al-musāfir fī waḍʻ khuṭūṭ faḍl al-dāyir :</subfield><subfield code="k">manuscript,</subfield><subfield code="f">[17th century?] /</subfield><subfield code="c">lil-imām al-ʻālim al-ʻallāmah al-majīd al-fahhāmah farīd ʻaṣrihi wa-waḥīd dahrihi Abū al-ʻAbbās Aḥmad Shihāb al-Dīn Ibn al-Majdī al-Shāfiʻī.</subfield></datafield><datafield tag="300" ind1=" " ind2=" "><subfield code="a">1</subfield><subfield code="f">v. ([24] p.) ;</subfield><subfield code="c">22 cm.</subfield></datafield><datafield tag="500" ind1=" " ind2=" "><subfield code="a">Watermark: Three crescents. See Edward Heawood, Watermarks, Mainly of the 17th and 18th Centuries (Hilversum, 1950), p. 24.</subfield></datafield><datafield tag="500" ind1=" " ind2=" "><subfield code="a">Contains tables.</subfield></datafield><datafield tag="500" ind1=" " ind2=" "><subfield code="a">Text rubricated.</subfield></datafield><datafield tag="500" ind1=" " ind2=" "><subfield code="a">For other copies of this text see Mich. Isl. Mss. 799,1 and 799,4.</subfield></datafield><datafield tag="510" ind1="4" ind2=" "><subfield code="a">GAL,</subfield><subfield code="c">v. II, p. 158; GAL, Suppl. II, p. 159; King, Survey, p. 73</subfield></datafield><datafield tag="520" ind1=" " ind2=" "><subfield code="a">"Abridgement by the author" of "Irshād al-ḥāʾir ... a treatise on sundial theory with tables for latitude 30⁰, Cairo." David A. King, A Survey of the Scientific Manuscripts in the Egyptian National Library (Winona Lake, 1986), p. 73.</subfield></datafield><datafield tag="538" ind1=" " ind2=" "><subfield code="a">Mode of access: Internet.</subfield></datafield><datafield tag="541" ind1=" " ind2=" "><subfield code="d">07/--/36</subfield><subfield code="3">Manuscript</subfield><subfield code="a">McGregor Fund</subfield><subfield code="c">Purchase, 1933/34</subfield><subfield code="h">15 p.t.</subfield></datafield><datafield tag="545" ind1=" " ind2=" "><subfield code="a">Egyptian astronomer.</subfield></datafield><datafield tag="561" ind1=" " ind2=" "><subfield code="a">Purchased in Cairo, 1933/34. Owners' marks: name of owner and copyist of pp. [1-2] on p. [1]: milk al-faqīr ilá Allāh taʻālá Muḥammad al-Makkāwī al-Fayyūmī balad al-Mālikī madhhaban ...[?]... ṭarīqat al-Dardīrī al-Siyāʻī nisban....; inside cover, manuscript notes in handwriting of Max Meyerhof.</subfield></datafield><datafield tag="600" ind1="1" ind2="4"><subfield code="6">880-04</subfield><subfield code="a">Ibn al-Majdī, Shihāb al-Dīn Abū al-ʻAbbās Aḥmad ibn Rajab al-Qāhirī,</subfield><subfield code="d">1365-1447.</subfield><subfield code="t">Irshād al-ḥāʾir ilá takhṭīṭ faḍl al-dāʾir.</subfield></datafield><datafield tag="650" ind1=" " ind2="0"><subfield code="a">Astronomical instruments</subfield><subfield code="y">Early works to 1800.</subfield></datafield><datafield tag="650" ind1=" " ind2="0"><subfield code="a">Sundials</subfield><subfield code="y">Early works to 1800.</subfield></datafield><datafield tag="650" ind1=" " ind2="0"><subfield code="a">Astronomy, Arab</subfield><subfield code="y">Early works to 1800.</subfield></datafield><datafield tag="650" ind1=" " ind2="0"><subfield code="a">Manuscripts, Arabic</subfield><subfield code="z">Michigan</subfield><subfield code="z">Ann Arbor.</subfield></datafield><datafield tag="700" ind1="1" ind2=" "><subfield code="a">Meyerhof, Max,</subfield><subfield code="d">1874-1945,</subfield><subfield code="e">former owner.</subfield></datafield><datafield tag="700" ind1="1" ind2=" "><subfield code="6">880-05</subfield><subfield code="a">Ibn al-Majdī, Shihāb al-Dīn Abū al-ʻAbbās Aḥmad ibn Rajab al-Qāhirī,</subfield><subfield code="d">1365-1447.</subfield><subfield code="t">Irshād al-ḥāʾir ilá takhṭīṭ faḍl al-dāʾir.</subfield></datafield><datafield tag="773" ind1="0" ind2=" "><subfield code="7">unbc</subfield><subfield code="a">Tracy W. McGregor Collection of Arabic, Persian, and Turkish Mathematical and Astronomical Manuscripts.</subfield><subfield code="w">(CStRLIN)MIUH92-A20.</subfield></datafield><datafield tag="880" ind1="0" ind2=" "><subfield code="6">700-05/</subfield><subfield code="a">شهاب الدين أبو العباس أحمد بن رجب القاهري بن المجدي.</subfield><subfield code="t">إرشاد الحائر الى تخطيط فضل الدائر.</subfield></datafield><datafield tag="880" ind1="0" ind2="4"><subfield code="6">600-04/</subfield><subfield code="a">شهاب الدين أبو العباس أحمد بن رجب القاهري بن المجدي.</subfield><subfield code="t">إرشاد الحائر الى تخطيط فضل الدائر.</subfield></datafield><datafield tag="880" ind1="1" ind2="0"><subfield code="6">245-03/</subfield><subfield code="a">هذه رسالة زاد المسافر في وضع خطوط فضل الداير :</subfield><subfield code="k">manuscript،</subfield><subfield code="f">[القرن 17م؟] /</subfield><subfield code="c">للإمام العالم العلامة المجيد الفهامة فريد عصره ووحيد دهره أبو العباس أحمد شهاب الدين بن المجدي الشافعي.</subfield></datafield><datafield tag="880" ind1="1" ind2="0"><subfield code="6">240-02/</subfield><subfield code="a">زاد المسافر لمعرفة فضل الدائر</subfield></datafield><datafield tag="880" ind1="0" ind2=" "><subfield code="6">100-01/</subfield><subfield code="a">شهاب الدين أبو العباس أحمد بن رجب القاهري.</subfield></datafield><datafield tag="CID" ind1=" " ind2=" "><subfield code="a">002563043</subfield></datafield><datafield tag="DAT" ind1="0" ind2=" "><subfield code="a">20190719102632.0</subfield><subfield code="b">20190719000000.0</subfield></datafield><datafield tag="DAT" ind1="1" ind2=" "><subfield code="a">20190719090653.0</subfield><subfield code="b">2019-07-19T16:10:31Z</subfield></datafield><datafield tag="DAT" ind1="2" ind2=" "><subfield code="a">2015-10-10T18:00:06Z</subfield></datafield><datafield tag="CAT" ind1=" " ind2=" "><subfield code="a">SDR-MIU</subfield><subfield code="d">EX LIBRIS - ALEPH</subfield><subfield code="l">prepare.pl-004-008</subfield></datafield><datafield tag="FMT" ind1=" " ind2=" "><subfield code="a">BK</subfield></datafield><datafield tag="HOL" ind1=" " ind2=" "><subfield code="0">sdr-miu002563043</subfield><subfield code="a">MiU</subfield><subfield code="b">SDR</subfield><subfield code="c">MIU</subfield><subfield code="p">mdp.39015081446752</subfield><subfield code="s">MIU</subfield><subfield code="1">002563043</subfield></datafield><datafield tag="974" ind1=" " ind2=" "><subfield code="b">MIU</subfield><subfield code="c">MIU</subfield><subfield code="d">20190719</subfield><subfield code="s">lit-dlps-dc</subfield><subfield code="u">mdp.39015081446752</subfield><subfield code="y">1699</subfield><subfield code="r">pd</subfield><subfield code="q">bib</subfield><subfield code="t">non-US bib date1 &lt; 1879</subfield></datafield></record></collection>